@inproceedings {nqsb-tls,
  author = {David Kaloper-Mer{\v s}injak and Hannes Mehnert and Anil Madhavapeddy and Peter Sewell},
  title = {Not-Quite-So-Broken {TLS}: Lessons in Re-Engineering a Security Protocol Specification and Implementation},
  booktitle = {24th USENIX Security Symposium (USENIX Security 15)},
  year = {2015},
  address = {Washington, D.C.},
  isbn = {978-1-931971-232},
  pages = {223--238},
  url = {https://www.usenix.org/conference/usenixsecurity15/technical-sessions/presentation/mersinjak},
  publisher = {USENIX Association},
}

@inproceedings{mirage,
 author = {Madhavapeddy, Anil and Mortier, Richard and Rotsos, Charalampos and Scott, David and Singh, Balraj and Gazagnaire, Thomas and Smith, Steven and Hand, Steven and Crowcroft, Jon},
 title = {Unikernels: Library Operating Systems for the Cloud},
 booktitle = {ASPLOS},
 year = {2013},
 isbn = {978-1-4503-1870-9},
 location = {Houston, Texas, USA},
 numpages = {12},
 doi = {10.1145/2451116.2451167},
 acmid = {2451167},
 publisher = {ACM},
 keywords = {functional programming, hypervisor, microkernel},
}

@inproceedings{tuf,
 author = {Samuel, Justin and Mathewson, Nick and Cappos, Justin and Dingledine, Roger},
 title = {Survivable Key Compromise in Software Update Systems},
 booktitle = {Proceedings of the 17th ACM Conference on Computer and Communications Security},
 series = {CCS '10},
 year = {2010},
 isbn = {978-1-4503-0245-6},
 location = {Chicago, Illinois, USA},
 pages = {61--72},
 numpages = {12},
 url = {http://doi.acm.org/10.1145/1866307.1866315},
 doi = {10.1145/1866307.1866315},
 acmid = {1866315},
 publisher = {ACM},
 address = {New York, NY, USA},
 keywords = {authentication, delegation, key compromise, key management, revocation, software updates, threshold signatures},
}

@inproceedings{diplomat,
 author = {Trishank Karthik Kuppusamy and Santiago Torres-Arias and Vladimir Diaz and Justin Cappos},
 title = {Diplomat: Using Delegations to Protect Community Repositories},
 booktitle = {13th USENIX Symposium on Networked Systems Design and Implementation (NSDI 16)},
 year = {2016},
 month = Mar,
 isbn = {978-1-931971-29-4},
 address = {Santa Clara, CA},
 pages = {567--581},
 url = {https://www.usenix.org/conference/nsdi16/technical-sessions/presentation/kuppusamy},
 publisher = {USENIX Association},
}

@inproceedings{packagemanagerattacks,
 author = {Cappos, Justin and Samuel, Justin and Baker, Scott and Hartman, John H.},
 title = {A Look in the Mirror: Attacks on Package Managers},
 booktitle = {Proceedings of the 15th ACM Conference on Computer and Communications Security},
 series = {CCS '08},
 year = {2008},
 isbn = {978-1-59593-810-7},
 location = {Alexandria, Virginia, USA},
 pages = {565--574},
 numpages = {10},
 url = {http://doi.acm.org/10.1145/1455770.1455841},
 doi = {10.1145/1455770.1455841},
 acmid = {1455841},
 publisher = {ACM},
 address = {New York, NY, USA},
 keywords = {mirrors, package management, replay attack},
}

@misc{apache1,
title = {apache.org incident report for 08/28/2009 \url{https://blogs.apache.org/infra/entry/apache_org_downtime_report}}
}

@misc{apache2,
title = {apache.org incident report for 04/09/2010 \url{https://blogs.apache.org/infra/entry/apache_org_04_09_2010}}
}

@misc{adobe,
title = {Adobe to Revoke Code Signing Certificate \url{https://blogs.adobe.com/conversations/2012/09/adobe-to-revoke-code-signing-certificate.html}}
}

@misc{kernel,
title = {An attempt to backdoor the kernel \url{http://lwn.net/Articles/57135/}}
}

@misc{kernelorg,
title = {The cracking of kernel.org \url{http://www.linuxfoundation.org/news-media/blogs/browse/2011/08/cracking-kernelorg}}
}

@misc{debian,
title = {Debian Investigation Report after Server Compromises \url{https://www.debian.org/News/2003/20031202}}
}

@misc{debianwiki,
title = {Security breach on the Debian wiki 2012-07-25 \url{https://wiki.debian.org/DebianWiki/SecurityIncident2012}}
}

@misc{redhat,
title = {Infrastructure report, 2008-08-22 UTC 1200 \url{https://www.redhat.com/archives/fedora-announce-list/2008-August/msg00012.html}}
}

@misc{gentoo,
title = {rsync.gentoo.org: rotation server compromised \url{https://security.gentoo.org/glsa/200312-01}}
}

@misc{github,
title = {Public Key Security Vulnerability and Mitigation \url{https://github.com/blog/1068-public-key-security-vulnerability-and-mitigation}}
}

@misc{savannah,
title = {GNU Savannah Compromise \url{https://savannah.gnu.org/maintenance/Compromise2010/}}
}

@misc{savannah2,
title = {IMPORTANT: Information Regarding Savannah Restoration for All Users \url{https://savannah.gnu.org/forum/forum.php?forum id=2752}}
}

@misc{ocamlforge,
title = {Recent reboots explained: the forge has been compromised \url{https://forge.ocamlcore.org/forum/forum.php?forum_id=913}}
}

@misc{opera,
title = {Attackers sign malware using crypto certificate stolen from Opera Software \url{http://arstechnica.com/security/2013/06/attackers-sign-malware-using-crypto-certificate-stolen-from-opera-software/}}
}

@misc{php,
title = {The PHP project and Code Review \url{http://bjori.blogspot.com/2010/12/php-project-and-code-review.html}}
}

@misc{flame,
title = {Flame malware collision attack explained \url{http://blogs.technet.com/b/srd/archive/2012/06/06/more-information-about-the-digital-certificates-used-to-sign-the-flame-malware.aspx}}
}

@misc{wordpress,
title = {Wordpress Passwords Reset \url{https://wordpress.org/news/2011/06/passwords-reset/}}
}

@misc{redhatssh,
title = {Red Hat Security Advisory: openssh security update \url{https://rhn.redhat.com/errata/RHSA-2008-0855.html}}
}

@misc{rubygems,
title = {RubyGems Data Verification \url{http://blog.rubygems.org/2013/01/31/data-verification.html}}
}

@misc{phpmyadmin,
title = {phpMyAdmin corrupted copy on Korean mirror server \url{https://sourceforge.net/blog/phpmyadmin-back-door/}}
}

@misc{fedora,
title = {Security incident on Fedora infrastructure on 23-01-2011 \url{https://lists.fedoraproject.org/pipermail/announce/2011-January/002911.html}}
}

@misc{freebsd,
title = {FreeBSD.org intrusion announced 17-11-2012 \url{http://www.freebsd.org/news/2012-compromise.html}}
}

@misc{cabal,
title = {Cabal: Packages are downloaded insecurely \url{https://github.com/haskell/cabal/issues/936}}
}

@misc{maven,
title = {How to take over the computer of any Java (or Clojure or Scala) developer \url{http://blog.ontoillogical.com/blog/2014/07/28/how-to-take-over-any-java-developer/}}
}

@misc{php2,
title = {php.net security notice \url{http://www.php.net/archive/2011.php#id2011-03-19-1}}
}

@misc{php3,
title = {A further update on php.net \url{http://php.net/archive/2013.php#id2013-10-24-2}}
}

@misc{npm,
title = {Newly Paranoid Maintainers \url{http://blog.npmjs.org/post/80277229932/newly-paranoid-maintainers}}
}

@misc{typo,
title = {Typosquatting programming language package managers \url{http://incolumitas.com/2016/06/08/typosquatting-package-managers/}}
}

@misc{conex,
title = {Conex git repository \url{https://github.com/hannesm/conex}}
}

@misc{opampr,
title = {remove insecure / no-check-certificate flags \url{https://github.com/ocaml/opam/pull/2460}}
}

@misc{wrappr,
title = {Add global 'wrap-build/install/remove-commands:' fields \url{https://github.com/ocaml/opam/pull/2563}}
}

@misc{opamsigning,
title = {Signing the opam repository \url{https://opam.ocaml.org/blog/Signing-the-opam-repository/}}
}

@misc{rfc6151,
title = {RFC 6151: Updated Security Considerations for the MD5 Message-Digest and the HMAC-MD5 Algorithms \url{https://tools.ietf.org/html/rfc6151}}
}

@misc{camelus,
title = {Camelus: posting opam analysis reports on opam-repository pull-request \url{https://github.com/AltGr/Camelus/}}
}